<record><leader>00000cas a2200000 a 4500</leader><controlfield tag="001">41253593</controlfield><controlfield tag="008">990426d19181922cauwr ne      0    0eng c</controlfield><datafield ind1=" " ind2=" " tag="010"><subfield code="a">sn 99060771 </subfield></datafield><datafield ind1=" " ind2=" " tag="040"><subfield code="a">CNK</subfield><subfield code="b">eng</subfield><subfield code="c">CNK</subfield><subfield code="d">CNK</subfield><subfield code="d">OCLCQ</subfield><subfield code="d">OCLCF</subfield><subfield code="d">OCLCO</subfield></datafield><datafield ind1="1" ind2=" " tag="029"><subfield code="a">AU@</subfield><subfield code="b">000020123315</subfield></datafield><datafield ind1=" " ind2=" " tag="042"><subfield code="a">pcc</subfield></datafield><datafield ind1=" " ind2=" " tag="043"><subfield code="a">n-us-ca</subfield></datafield><datafield ind1="0" ind2="0" tag="245"><subfield code="a">Ramona acres progress and the Los Angeles municipal news.</subfield></datafield><datafield ind1="3" ind2=" " tag="246"><subfield code="a">Ramona acres progress</subfield></datafield><datafield ind1=" " ind2=" " tag="260"><subfield code="a">Monterey Park, Los Angeles County, Cal. :</subfield><subfield code="b">H.M. Calkins</subfield></datafield><datafield ind1=" " ind2=" " tag="300"><subfield code="a">v.</subfield></datafield><datafield ind1=" " ind2=" " tag="310"><subfield code="a">Weekly</subfield></datafield><datafield ind1="0" ind2=" " tag="362"><subfield code="a">Vol. 16, no. 17 (June 7, 1918)-v. 8, no. 8 (Apr. 21, 1922).</subfield></datafield><datafield ind1=" " ind2=" " tag="500"><subfield code="a">"And The Los Angeles Municipal News" appears in small print below "Ramona Acres Progress."</subfield></datafield><datafield ind1=" " ind2=" " tag="500"><subfield code="a">"Wilmar, Garvalia, Ramona Park, Monterey Park."</subfield></datafield><datafield ind1=" " ind2=" " tag="515"><subfield code="a">Vol. numbering is irregular.</subfield></datafield><datafield ind1=" " ind2=" " tag="530"><subfield code="a">Master negatives are available for duplication from:</subfield><subfield code="b">California Newspaper Microfilm Archive;</subfield><subfield code="c">positive copies may be purchased by the reel; for further information consult the CNMA at:</subfield><subfield code="u">http://cbsr.ucr.edu</subfield></datafield><datafield ind1=" " ind2="0" tag="651"><subfield code="a">Monterey Park (Calif.)</subfield><subfield code="v">Newspapers.</subfield></datafield><datafield ind1=" " ind2="7" tag="655"><subfield code="a">Newspapers.</subfield><subfield code="2">fast</subfield><subfield code="0">(OCoLC)fst01423814</subfield></datafield><datafield ind1=" " ind2="7" tag="651"><subfield code="a">California</subfield><subfield code="z">Monterey Park.</subfield><subfield code="2">fast</subfield><subfield code="0">(OCoLC)fst01223499</subfield></datafield><datafield ind1=" " ind2=" " tag="752"><subfield code="a">United States</subfield><subfield code="b">California</subfield><subfield code="c">Los Angeles</subfield><subfield code="d">Monterey Park.</subfield></datafield><datafield ind1="0" ind2="0" tag="780"><subfield code="t">Ramona acres progress</subfield><subfield code="w">(DLC)sn 99060770</subfield></datafield><datafield ind1="0" ind2="0" tag="785"><subfield code="t">Progress (Monterey Park, Calif. : 1922)</subfield><subfield code="w">(DLC)sn 99060772</subfield></datafield></record>